@article{Dynamo,
	author={DeCandia and Hastorun and Jampani and Kakulapati and Lakshman and Pilchin and Sivasubramanian and Vosshall and Vogels},
	title={Dynamo: Amazonâ€™s Highly Available Key-value Store}
}

@article{GFS,
	author={Ghemawat and Gobioff and Leung},
	title={The Google File System}
}

@article{Kafka,
	author={Kreps and Narkhede and Rao},
	title={Kafka: a Distributed Messaging System for Log Processing}
}
